@article{patil2018malicious,
  title={Malicious URLs Detection Using Decision Tree Classifiers and Majority Voting Technique},
  author={Patil, Dharmaraj R and Patil, JB},
  journal={Cybernetics and Information Technologies},
  volume={18},
  number={1},
  pages={11--29},
  year={2018},
  publisher={De Gruyter Open}
}
@article{torres2018malicious,
  title={Malicious PDF Documents Detection using Machine Learning Techniques},
  author={Torres, Jose and De Los Santos, Sergio},
  year={2018}
}
@online{1,
    author = {Didier Stevens},
    title = {Quickpost: About the Physical and Logical Structure of PDF Files},
    url  = {https://blog.didierstevens.com/2008/04/09/quickpost-about-the-physical-and-logical-structure-of-pdf-files/},
    addendum = {(accessed: 09.04.2008)},
    keywords = {PDF, Physical,Logical}
}